@article{sacristan2011exploring,
  title={Exploring the links between natural products and bacterial assemblages in the sponge Aplysina aerophoba},
  author={Sacrist{\'a}n-Soriano, Oriol and Banaigs, Bernard and Casamayor, Emilio O and Becerro, Mikel A},
  journal={Appl. Environ. Microbiol.},
  volume={77},
  number={3},
  pages={862--870},
  year={2011},
  publisher={Am Soc Microbiol}
}


@article{chapleur2016increasing,
  title={Increasing concentrations of phenol progressively affect anaerobic digestion of cellulose and associated microbial communities},
  author={Chapleur, Olivier and Madigou, C{\'e}line and Civade, Rapha{\"e}l and Rodolphe, Yohan and Maz{\'e}as, Laurent and Bouchez, Th{\'e}odore},
  journal={Biodegradation},
  volume={27},
  number={1},
  pages={15--27},
  year={2016},
  publisher={Springer}
}

@article{susin2020variable,
  title={Variable selection in microbiome compositional data analysis},
  author={Susin, Antoni and Wang, Yiwen and L{\^e} Cao, Kim-Anh and Calle, M Luz},
  journal={NAR Genomics and Bioinformatics},
  volume={2},
  number={2},
  pages={lqaa029},
  year={2020},
  publisher={Oxford University Press}
}

@article{singh2019diablo,
  title={DIABLO: an integrative approach for identifying key molecular drivers from multi-omics assays},
  author={Singh, Amrit and Shannon, Casey P and Gautier, Beno{\^\i}t and Rohart, Florian and Vacher, Micha{\"e}l and Tebbutt, Scott J and L{\^e} Cao, Kim-Anh},
  journal={Bioinformatics},
  volume={35},
  number={17},
  pages={3055--3062},
  year={2019},
  publisher={Oxford University Press}
}

@article{tharwat2018classification,
  title={Classification assessment methods},
  author={Tharwat, Alaa},
  journal={Applied Computing and Informatics},
  year={2018},
  publisher={Elsevier}
}

@article{rohart2017mixomics,
  title={mixOmics: An R package for â€˜omics feature selection and multiple data integration},
  author={Rohart, Florian and Gautier, Beno{\^\i}t and Singh, Amrit and L{\^e} Cao, Kim-Anh},
  journal={PLoS computational biology},
  volume={13},
  number={11},
  pages={e1005752},
  year={2017},
  publisher={Public Library of Science}
}

@article{wang2020multivariate,
  title={A multivariate method to correct for batch effects in microbiome data},
  author={Wang, Yiwen and L{\^e} Cao, Kim-Anh},
  journal={bioRxiv},
  year={2020},
  publisher={Cold Spring Harbor Laboratory}
}
