@article{butler2018integrating,
  title={Integrating single-cell transcriptomic data across different conditions, technologies, and species},
  author={Butler, Andrew and Hoffman, Paul and Smibert, Peter and Papalexi, Efthymia and Satija, Rahul},
  journal={Nature biotechnology},
  volume={36},
  number={5},
  pages={411--420},
  year={2018},
  publisher={Nature Publishing Group}
}

@article{le2016mixmc,
  title={{MixMC}: a multivariate statistical framework to gain insight into microbial communities},
  author={Le Cao, Kim-Anh and Costello, Mary-Ellen and Lakis, Vanessa Anne and Bartolo, Francois and Chua, Xin-Yi and Brazeilles, Remi and Rondeau, Pascale},
  journal={PloS One},
  volume={11},
  number={8},
  pages={e0160169},
  year={2016},
  publisher={Public Library of Science}
}


@article{wang2020multivariate,
  title={A multivariate method to correct for batch effects in microbiome data},
  author={Wang, Yiwen and L{\^e} Cao, Kim-Anh},
  journal={bioRxiv},
  year={2020},
  publisher={Cold Spring Harbor Laboratory}
}


@article{daniel2020performance,
  title = {performance: Assessment of Regression Models Performance},
  author = {Daniel LÃ¼decke and Dominique Makowski and Philip Waggoner and Indrajeet Patil},
  journal = {CRAN},
  year = {2020},
  note = {R package},
  doi = {10.5281/zenodo.3952174},
  url = {https://easystats.github.io/performance/},
}

@article{gibbons2018correcting,
  title={Correcting for batch effects in case-control microbiome studies},
  author={Gibbons, Sean M and Duvallet, Claire and Alm, Eric J},
  journal={PLoS Computational Biology},
  volume={14},
  number={4},
  pages={e1006102},
  year={2018},
  publisher={Public Library of Science}
}

@article{barker2003partial,
  title={Partial least squares for discrimination},
  author={Barker, Matthew and Rayens, William},
  journal={Journal of Chemometrics: A Journal of the Chemometrics Society},
  volume={17},
  number={3},
  pages={166--173},
  year={2003},
  publisher={Wiley Online Library}
}

@article{chapleur2016increasing,
  title={Increasing concentrations of phenol progressively affect anaerobic digestion of cellulose and associated microbial communities},
  author={Chapleur, Olivier and Madigou, C{\'e}line and Civade, Rapha{\"e}l and Rodolphe, Yohan and Maz{\'e}as, Laurent and Bouchez, Th{\'e}odore},
  journal={Biodegradation},
  volume={27},
  number={1},
  pages={15--27},
  year={2016},
  publisher={Springer}
}

@article{susin2020variable,
  title={Variable selection in microbiome compositional data analysis},
  author={Susin, Antoni and Wang, Yiwen and L{\^e} Cao, Kim-Anh and Calle, M Luz},
  journal={NAR Genomics and Bioinformatics},
  volume={2},
  number={2},
  pages={lqaa029},
  year={2020},
  publisher={Oxford University Press}
}

@article{kong2020microbiome,
  title={Microbiome profiling reveals gut dysbiosis in a transgenic mouse model of Huntington's disease},
  author={Kong, Geraldine and L{\^e} Cao, Kim-Anh and Judd, Louise M and Li, ShanShan and Renoir, Thibault and Hannan, Anthony J},
  journal={Neurobiology of disease},
  volume={135},
  pages={104268},
  year={2020},
  publisher={Elsevier}
}

@article{sacristan2011exploring,
  title={Exploring the links between natural products and bacterial assemblages in the sponge Aplysina aerophoba},
  author={Sacrist{\'a}n-Soriano, Oriol and Banaigs, Bernard and Casamayor, Emilio O and Becerro, Mikel A},
  journal={Appl. Environ. Microbiol.},
  volume={77},
  number={3},
  pages={862--870},
  year={2011},
  publisher={Am Soc Microbiol}
}

@article{mcgregor2020mdine,
  title={MDiNE: a model to estimate differential co-occurrence networks in microbiome studies},
  author={McGregor, Kevin and Labbe, Aur{\'e}lie and Greenwood, Celia MT},
  journal={Bioinformatics},
  volume={36},
  number={6},
  pages={1840--1847},
  year={2020},
  publisher={Oxford University Press}
}
