@article{sacristan2011exploring,
  title={Exploring the links between natural products and bacterial assemblages in the sponge Aplysina aerophoba},
  author={Sacrist{\'a}n-Soriano, Oriol and Banaigs, Bernard and Casamayor, Emilio O and Becerro, Mikel A},
  journal={Appl. Environ. Microbiol.},
  volume={77},
  number={3},
  pages={862--870},
  year={2011},
  publisher={Am Soc Microbiol}
}


@article{chapleur2016increasing,
  title={Increasing concentrations of phenol progressively affect anaerobic digestion of cellulose and associated microbial communities},
  author={Chapleur, Olivier and Madigou, C{\'e}line and Civade, Rapha{\"e}l and Rodolphe, Yohan and Maz{\'e}as, Laurent and Bouchez, Th{\'e}odore},
  journal={Biodegradation},
  volume={27},
  number={1},
  pages={15--27},
  year={2016},
  publisher={Springer}
}

@article{susin2020variable,
  title={Variable selection in microbiome compositional data analysis},
  author={Susin, Antoni and Wang, Yiwen and L{\^e} Cao, Kim-Anh and Calle, M Luz},
  journal={NAR Genomics and Bioinformatics},
  volume={2},
  number={2},
  pages={lqaa029},
  year={2020},
  publisher={Oxford University Press}
}



@article{rohart2017mixomics,
  title={mixOmics: An R package for ‘omics feature selection and multiple data integration},
  author={Rohart, Florian and Gautier, Beno{\^\i}t and Singh, Amrit and L{\^e} Cao, Kim-Anh},
  journal={PLoS computational biology},
  volume={13},
  number={11},
  pages={e1005752},
  year={2017},
  publisher={Public Library of Science}
}


@article{wang2020multivariate,
  title={A multivariate method to correct for batch effects in microbiome data},
  author={Wang, Yiwen and L{\^e} Cao, Kim-Anh},
  journal={bioRxiv},
  year={2020},
  publisher={Cold Spring Harbor Laboratory}
}


@article{wang2020characterizing,
  title={Characterizing changes in soil microbiome abundance and diversity due to different cover crop techniques},
  author={Wang, Charlotte H and Wu, Linda and Wang, Zengyan and Alabady, Magdy S and Parson, Daniel and Molumo, Zainab and Fankhauser, Sarah C},
  journal={PloS one},
  volume={15},
  number={5},
  pages={e0232453},
  year={2020},
  publisher={Public Library of Science San Francisco, CA USA}
}

@article{ray2020microbe,
  title={Microbe to microbiome: A paradigm shift in the application of microorganisms for sustainable agriculture},
  author={Ray, Prasun and Lakshmanan, Venkatachalam and Labb{\'e}, Jessy L and Craven, Kelly D},
  journal={Frontiers in Microbiology},
  volume={11},
  pages={3323},
  year={2020},
  publisher={Frontiers}
}

@article{fan2020gut,
  title={Gut microbiota in human metabolic health and disease},
  author={Fan, Yong and Pedersen, Oluf},
  journal={Nature Reviews Microbiology},
  pages={1--17},
  year={2020},
  publisher={Nature Publishing Group}
}

@article{poirier2020integrating,
  title={Integrating independent microbial studies to build predictive models of anaerobic digestion inhibition by ammonia and phenol},
  author={Poirier, Simon and D{\'e}jean, S{\'e}bastien and Midoux, C{\'e}dric and L{\^e} Cao, Kim-Anh and Chapleur, Olivier},
  journal={Bioresource Technology},
  volume={316},
  pages={123952},
  year={2020},
  publisher={Elsevier}
}

@misc{marchesi2015vocabulary,
  title={The vocabulary of microbiome research: a proposal},
  author={Marchesi, Julian R and Ravel, Jacques},
  year={2015},
  publisher={Springer}
}

@article{wang2020managing,
  title={Managing batch effects in microbiome data},
  author={Wang, Yiwen and L{\^e}Cao, Kim-Anh},
  journal={Briefings in bioinformatics},
  volume={21},
  number={6},
  pages={1954--1970},
  year={2020},
  publisher={Oxford University Press}
}

@article{hieken2016microbiome,
  title={The microbiome of aseptically collected human breast tissue in benign and malignant disease},
  author={Hieken, Tina J and Chen, Jun and Hoskin, Tanya L and Walther-Antonio, Marina and Johnson, Stephen and Ramaker, Sheri and Xiao, Jian and Radisky, Derek C and Knutson, Keith L and Kalari, Krishna R and others},
  journal={Scientific reports},
  volume={6},
  pages={30751},
  year={2016},
  publisher={Nature Publishing Group}
}

@article{duvallet2017meta,
  title={Meta-analysis of gut microbiome studies identifies disease-specific and shared responses},
  author={Duvallet, Claire and Gibbons, Sean M and Gurry, Thomas and Irizarry, Rafael A and Alm, Eric J},
  journal={Nature communications},
  volume={8},
  number={1},
  pages={1--10},
  year={2017},
  publisher={Nature Publishing Group}
}

@article{gibson2004dietary,
  title={Dietary modulation of the human colonic microbiota: updating the concept of prebiotics},
  author={Gibson, Glenn R and Probert, Hollie M and Van Loo, Jan and Rastall, Robert A and Roberfroid, Marcel B},
  journal={Nutrition Research Reviews},
  volume={17},
  number={2},
  pages={259--275},
  year={2004},
  publisher={Cambridge University Press}
}

@article{lozupone2013meta,
  title={Meta-analyses of studies of the human microbiota},
  author={Lozupone, Catherine and Stombaugh, Jesse and Gonzalez, Antonio and Ackermann, Gail and Wendel, Doug and V{\'a}zquez-Baeza, Yoshiki and Jansson, Janet K and Gordon, Jeffrey I and Knight, Rob},
  journal={Genome Research},
  pages={gr--151803},
  year={2013},
  publisher={Cold Spring Harbor Lab}
}

@article{haro2016intestinal,
  title={Intestinal microbiota is influenced by gender and body mass index},
  author={Haro, Carmen and Rangel-Z{\'u}{\~n}iga, Oriol A and Alcal{\'a}-D{\'\i}az, Juan F and G{\'o}mez-Delgado, Francisco and P{\'e}rez-Mart{\'\i}nez, Pablo and Delgado-Lista, Javier and Quintana-Navarro, Gracia M and Landa, Blanca B and Navas-Cort{\'e}s, Juan A and Tena-Sempere, Manuel and others},
  journal={PloS One},
  volume={11},
  number={5},
  pages={e0154090},
  year={2016},
  publisher={Public Library of Science}
}

@article{kim2017optimizing,
  title={Optimizing methods and dodging pitfalls in microbiome research},
  author={Kim, Dorothy and Hofstaedter, Casey E and Zhao, Chunyu and Mattei, Lisa and Tanes, Ceylan and Clarke, Erik and Lauder, Abigail and Sherrill-Mix, Scott and Chehoud, Christel and Kelsen, Judith and others},
  journal={Microbiome},
  volume={5},
  number={1},
  pages={52},
  year={2017},
  publisher={BioMed Central}
}

@article{kong2020microbiome,
  title={Microbiome profiling reveals gut dysbiosis in a transgenic mouse model of Huntington's disease},
  author={Kong, Geraldine and L{\^e} Cao, Kim-Anh and Judd, Louise M and Li, ShanShan and Renoir, Thibault and Hannan, Anthony J},
  journal={Neurobiology of disease},
  volume={135},
  pages={104268},
  year={2020},
  publisher={Elsevier}
}

@article{daniel2020performance,
  title = {performance: Assessment of Regression Models Performance},
  author = {Daniel LÃŒdecke and Dominique Makowski and Philip Waggoner and Indrajeet Patil},
  journal = {CRAN},
  year = {2020},
  note = {R package},
  doi = {10.5281/zenodo.3952174},
  url = {https://easystats.github.io/performance/},
}

@article{nakagawa2013general,
  title={A general and simple method for obtaining R2 from generalized linear mixed-effects models},
  author={Nakagawa, Shinichi and Schielzeth, Holger},
  journal={Methods in ecology and evolution},
  volume={4},
  number={2},
  pages={133--142},
  year={2013},
  publisher={Wiley Online Library}
}

@article{moskovicz2020skin,
  title={Skin Microbiota Dynamics Following B. subtilis formulation Challenge},
  author={Moskovicz, Veronica and Ben-El, Rina and Horev, Guy and Mizrahi, Boaz},
  year={2020}
}

@article{leek2012sva,
  title={The sva package for removing batch effects and other unwanted variation in high-throughput experiments},
  author={Leek, Jeffrey T and Johnson, W Evan and Parker, Hilary S and Jaffe, Andrew E and Storey, John D},
  journal={Bioinformatics},
  volume={28},
  number={6},
  pages={882--883},
  year={2012},
  publisher={Oxford University Press}
}

@article{lex2014upset,
  title={UpSet: visualization of intersecting sets},
  author={Lex, Alexander and Gehlenborg, Nils and Strobelt, Hendrik and Vuillemot, Romain and Pfister, Hanspeter},
  journal={IEEE transactions on visualization and computer graphics},
  volume={20},
  number={12},
  pages={1983--1992},
  year={2014},
  publisher={IEEE}
}

@article{singh2019diablo,
  title={DIABLO: an integrative approach for identifying key molecular drivers from multi-omics assays},
  author={Singh, Amrit and Shannon, Casey P and Gautier, Beno{\^\i}t and Rohart, Florian and Vacher, Micha{\"e}l and Tebbutt, Scott J and L{\^e} Cao, Kim-Anh},
  journal={Bioinformatics},
  volume={35},
  number={17},
  pages={3055--3062},
  year={2019},
  publisher={Oxford University Press}
}

@article{weiss2017normalization,
  title={Normalization and microbial differential abundance strategies depend upon data characteristics},
  author={Weiss, Sophie and Xu, Zhenjiang Zech and Peddada, Shyamal and Amir, Amnon and Bittinger, Kyle and Gonzalez, Antonio and Lozupone, Catherine and Zaneveld, Jesse R and V{\'a}zquez-Baeza, Yoshiki and Birmingham, Amanda and others},
  journal={Microbiome},
  volume={5},
  number={1},
  pages={1--18},
  year={2017},
  publisher={BioMed Central}
}

@article{mcmurdie2014waste,
  title={Waste not, want not: why rarefying microbiome data is inadmissible},
  author={McMurdie, Paul J and Holmes, Susan},
  journal={PLoS computational biology},
  volume={10},
  number={4},
  pages={e1003531},
  year={2014},
  publisher={Public Library of Science San Francisco, USA}
}

@article{quinn2018understanding,
  title={Understanding sequencing data as compositions: an outlook and review},
  author={Quinn, Thomas P and Erb, Ionas and Richardson, Mark F and Crowley, Tamsyn M},
  journal={Bioinformatics},
  volume={34},
  number={16},
  pages={2870--2878},
  year={2018},
  publisher={Oxford University Press}
}

@article{hawinkel2019broken,
  title={A broken promise: microbiome differential abundance methods do not control the false discovery rate},
  author={Hawinkel, Stijn and Mattiello, Federico and Bijnens, Luc and Thas, Olivier},
  journal={Briefings in bioinformatics},
  volume={20},
  number={1},
  pages={210--221},
  year={2019},
  publisher={Oxford University Press}
}

@article{mcgregor2020mdine,
  title={MDiNE: a model to estimate differential co-occurrence networks in microbiome studies},
  author={McGregor, Kevin and Labbe, Aur{\'e}lie and Greenwood, Celia MT},
  journal={Bioinformatics},
  volume={36},
  number={6},
  pages={1840--1847},
  year={2020},
  publisher={Oxford University Press}
}

